<?xml version="1.0" encoding="UTF-8"?><collection xmlns="http://www.loc.gov/MARC21/slim"><record><leader>00354nam--2200133-i-4500</leader><controlfield tag="001">000023160</controlfield><controlfield tag="002">20161230</controlfield><controlfield tag="005">20161230201034</controlfield><controlfield tag="008">060222s1000------------r-----000-0-eng-d</controlfield><datafield ind1=" " ind2=" " tag="080"><subfield code="a">530.145</subfield></datafield><datafield ind1=" " ind2=" " tag="100"><subfield code="a">Harris, Edward G</subfield></datafield><datafield ind1=" " ind2=" " tag="245"><subfield code="a">A pedestrian approach to quantum field theory</subfield></datafield><datafield ind1=" " ind2=" " tag="260"><subfield code="a">New York, Wiley-interscience, 1972. Xii + 167 P</subfield></datafield><datafield ind1=" " ind2=" " tag="852"><subfield code="a">37125</subfield></datafield></record></collection>